@article{charte2017,
title = "A practical tutorial on autoencoders for nonlinear feature fusion: Taxonomy, models, software and guidelines",
journal = "Information Fusion",
volume = "44",
pages = "78 - 96",
year = "2018",
issn = "1566-2535",
doi = "10.1016/j.inffus.2017.12.007",
author = "David Charte and Francisco Charte and Salvador García and María J. del Jesus and Francisco Herrera",
keywords = "Autoencoders, Feature fusion, Feature extraction, Representation learning, Deep learning, Machine learning"
}

@article{hinton_reducing_2006,
	title = {Reducing the Dimensionality of Data with Neural Networks},
	volume = {313},
	issn = {0036-8075, 1095-9203},
	url = {http://www.sciencemag.org/cgi/doi/10.1126/science.1127647},
	doi = {10.1126/science.1127647},
	pages = {504--507},
	number = {5786},
	journal = {Science},
	author = {Hinton, G. E.},
	urldate = {2017-08-26},
	date = {2006-07-28},
	year = {2006},
	langid = {english},
}

@article{vincent_stacked_2010,
	title = {Stacked denoising autoencoders: Learning useful representations in a deep network with a local denoising criterion},
	volume = {11},
	shorttitle = {Stacked denoising autoencoders},
	pages = {3371--3408},
	issue = {Dec},
	journal = {Journal of Machine Learning Research},
	author = {Vincent, Pascal and Larochelle, Hugo and Lajoie, Isabelle and Bengio, Yoshua and Manzagol, Pierre-Antoine},
	urldate = {2017-08-26},
	year = {2010},
	keywords = {autoencoders, denoising},
	file = {Deep Learning with Denoising Autoencoders.pdf:/home/fdavidcl/Zotero/storage/7NQGPQY2/Deep Learning with Denoising Autoencoders.pdf:application/pdf;stacked-denoising-autoencoders[deep-learning neural-networks autoencoders].pdf:/home/fdavidcl/Zotero/storage/FXY3WU7B/stacked-denoising-autoencoders[deep-learning neural-networks autoencoders].pdf:application/pdf;Stacked Denoising Autoencoders.pdf:/home/fdavidcl/Zotero/storage/ZCSI8H3Y/Stacked Denoising Autoencoders.pdf:application/pdf}
}

@article{doersch_tutorial_2016,
	title = {Tutorial on variational autoencoders},
	journal = {{arXiv} preprint {arXiv}:1606.05908},
	author = {Doersch, Carl},
	urldate = {2017-08-26},
	year = {2016},
	keywords = {autoencoders, variational},
	file = {Tutorial on Variational Autoencoders.pdf:/home/fdavidcl/Zotero/storage/I9YVYCJH/Tutorial on Variational Autoencoders.pdf:application/pdf;variational-autoencoders[deep-learning neural-networks autoencoders].pdf:/home/fdavidcl/Zotero/storage/F5Y86K5K/variational-autoencoders[deep-learning neural-networks autoencoders].pdf:application/pdf}
}

@inproceedings{vincent_extracting_2008,
	title = {Extracting and Composing Robust Features with Denoising Autoencoders},
	isbn = {978-1-60558-205-4},
	series = {{ICML} '08},
	pages = {1096--1103},
	booktitle = {Proceedings of the 25th International Conference on Machine Learning},
	publisher = {{ACM}},
	author = {Vincent, Pascal and Larochelle, Hugo and Bengio, Yoshua and Manzagol, Pierre-Antoine},
	year = {2008},
	keywords = {autoencoders, denoising},
	file = {Extracting and Composing Robust Features with Denoising.pdf:/home/fdavidcl/Zotero/storage/CU4MLHPX/Extracting and Composing Robust Features with Denoising.pdf:application/pdf}
}

@article{AdversarialAE,
  title={Adversarial autoencoders},
  author={Makhzani, Alireza and Shlens, Jonathon and Jaitly, Navdeep and Goodfellow, Ian and Frey, Brendan},
  journal={arXiv preprint arXiv:1511.05644},
  year={2015}
}
@inproceedings{GAN,
  title={Generative adversarial nets},
  author={Goodfellow, Ian and Pouget-Abadie, Jean and Mirza, Mehdi and Xu, Bing and Warde-Farley, David and Ozair, Sherjil and Courville, Aaron and Bengio, Yoshua},
  booktitle={Advances in neural information processing systems},
  pages={2672--2680},
  year={2014}
}



@inproceedings{generativeCAE,
  title={A Generative Process for sampling Contractive Auto-Encoders},
  author={Rifai, Salah and Bengio, Yoshua and Vincent, Pascal and Dauphin, Yann N},
 booktitle = {Proceedings of the 29th International Coference on International Conference on Machine Learning},
 series = {ICML'12},
 year = {2012},
 isbn = {978-1-4503-1285-1},
 location = {Edinburgh, Scotland},
 pages = {1811--1818},
  acmid = {3042804},
 publisher = {Omnipress},
  year={2012}
}

@inproceedings{sakurada_anomaly_2014,
	title = {Anomaly Detection Using Autoencoders with Nonlinear Dimensionality Reduction},
	isbn = {978-1-4503-3159-3},
	doi = {10.1145/2689746.2689747},
	pages = {4--11},
	publisher = {{ACM} Press},
	author = {Sakurada, Mayu and Yairi, Takehisa},
	urldate = {2017-08-28},
	year = {2014},
	langid = {english},
	keywords = {autoencoders, application},
	file = {Anomaly Detection Using Autoencoders.pdf:/home/fdavidcl/Zotero/storage/RW89K85Z/Anomaly Detection Using Autoencoders.pdf:application/pdf}
}

@inproceedings{baldi_autoencoders_2012,
	title = {Autoencoders, unsupervised learning, and deep architectures},
	pages = {37--49},
	booktitle = {Proceedings of {ICML} Workshop on Unsupervised and Transfer Learning},
	author = {Baldi, Pierre},
	urldate = {2017-08-28},
	year = {2012},
	keywords = {autoencoders, stacked},
	file = {Autoencoders, Unsupervised Learning, and DeepArchitectures:/home/fdavidcl/Zotero/storage/J97XH9AW/Autoencoders, Unsupervised Learning, and DeepArchitectures:application/pdf}
}

@article{VariationalAE,
	title = {Auto-encoding variational bayes},
	journal = {{arXiv} preprint {arXiv}:1312.6114},
	author = {Kingma, Diederik P. and Welling, Max},
	urldate = {2017-08-28},
	year = {2013},
}

@inproceedings{rifai_contractive_2011,
	title = {Contractive auto-encoders: Explicit invariance during feature extraction},
	shorttitle = {Contractive auto-encoders},
	pages = {833--840},
	booktitle = {Proceedings of the 28th international conference on machine learning ({ICML}-11)},
	author = {Rifai, Salah and Vincent, Pascal and Muller, Xavier and Glorot, Xavier and Bengio, Yoshua},
	urldate = {2017-08-28},
	year = {2011},
	keywords = {autoencoders, contractive},
	file = {Contractive Auto-Encoders.pdf:/home/fdavidcl/Zotero/storage/XZPM7RM7/Contractive Auto-Encoders.pdf:application/pdf}
}

@inproceedings{kampffmeyer_deep_2017,
	title = {Deep Kernelized Autoencoders},
	pages = {419--430},
	booktitle = {Scandinavian Conference on Image Analysis},
	publisher = {Springer},
	author = {Kampffmeyer, Michael and Løkse, Sigurd and Bianchi, Filippo M. and Jenssen, Robert and Livi, Lorenzo},
	urldate = {2017-08-28},
	year = {2017},
	keywords = {autoencoders, stacked},
	file = {Deep Kernelized Autoencoders.pdf:/home/fdavidcl/Zotero/storage/A2PIX5I3/Deep Kernelized Autoencoders.pdf:application/pdf}
}

@article{creswell_denoising_2017,
	title = {Denoising adversarial autoencoders},
	journal = {{arXiv} preprint {arXiv}:1703.01220},
	author = {Creswell, Antonia and Bharath, Anil Anthony},
	urldate = {2017-08-28},
	year = {2017},
	keywords = {autoencoders, adversarial, denoising},
	file = {Denoising Adversarial Autoencoders.pdf:/home/fdavidcl/Zotero/storage/FNYL8AGY/Denoising Adversarial Autoencoders.pdf:application/pdf}
}

@inproceedings{DiscriminativeAE,
	title = {Discriminative autoencoders for small targets detection},
	pages = {3528--3533},
	booktitle = {22nd IEEE International Conference on Pattern Recognition ({ICPR})},
	publisher = {{IEEE}},
	author = {Razakarivony, Sebastien and Jurie, Frédéric},
	urldate = {2017-08-28},
	year = {2014},
	doi={10.1109/ICPR.2014.607}
}

@inproceedings{carreira-perpinan_hashing_2015,
	title = {Hashing with binary autoencoders},
	pages = {557--566},
	booktitle = {Proceedings of the {IEEE} Conference on Computer Vision and Pattern Recognition},
	author = {Carreira-Perpinán, Miguel A. and Raziperchikolaei, Ramin},
	urldate = {2017-08-28},
	year = {2015},
	doi={10.1109/CVPR.2015.7298654}
}

@article{burda_importance_2015,
	title = {Importance weighted autoencoders},
	journal = {{arXiv} preprint {arXiv}:1509.00519},
	author = {Burda, Yuri and Grosse, Roger and Salakhutdinov, Ruslan},
	urldate = {2017-08-28},
	year = {2015},
	keywords = {autoencoders},
	file = {importance-weighted-autoencoders.pdf:/home/fdavidcl/Zotero/storage/7GFKFZUV/importance-weighted-autoencoders.pdf:application/pdf}
}

@article{makhzani_k-sparse_2013,
	title = {K-sparse autoencoders},
	journal = {{arXiv} preprint {arXiv}:1312.5663},
	author = {Makhzani, Alireza and Frey, Brendan},
	urldate = {2017-08-28},
	year = {2013},
	keywords = {autoencoders, sparse},
	file = {k-sparse.pdf:/home/fdavidcl/Zotero/storage/R242G26K/k-sparse.pdf:application/pdf}
}

@article{liu_multimodal_2016,
	title = {Multimodal video classification with stacked contractive autoencoders},
	volume = {120},
	issn = {01651684},
	doi = {10.1016/j.sigpro.2015.01.001},
	pages = {761--766},
	journal = {Signal Processing},
	author = {Liu, Yanan and Feng, Xiaoqing and Zhou, Zhiguang},
	urldate = {2017-08-28},
	date = {2016-03},
        year = {2016},
	langid = {english},
	keywords = {autoencoders, contractive, application},
	file = {Multimodal video classification with stacked.pdf:/home/fdavidcl/Zotero/storage/9V7XJEMM/Multimodal video classification with stacked.pdf:application/pdf}
}

@incollection{ConvolutionalAE,
    author="Masci, Jonathan
    and Meier, Ueli
    and Cire{\c{s}}an, Dan
    and Schmidhuber, J{\"u}rgen",
    editor="Honkela, Timo
    and Duch, W{\l}odzis{\l}aw
    and Girolami, Mark
    and Kaski, Samuel",
    title="Stacked Convolutional Auto-Encoders for Hierarchical Feature Extraction",
    bookTitle="Artificial Neural Networks and Machine Learning -- ICANN 2011: 21st International Conference on Artificial Neural Networks, Espoo, Finland, June 14-17, 2011, Proceedings, Part I",
    year="2011",
    publisher="Springer Berlin Heidelberg",
    pages="52--59",
    isbn="978-3-642-21735-7",
    doi="10.1007/978-3-642-21735-7\_7",
}




@article{tan_using_2011,
	title = {Using Autoencoders for Mammogram Compression},
	volume = {35},
	issn = {0148-5598, 1573-689X},
	doi = {10.1007/s10916-009-9340-3},
	pages = {49--58},
	number = {1},
	journal = {Journal of Medical Systems},
	author = {Tan, Chun Chet and Eswaran, Chikkannan},
	urldate = {2017-08-28},
	date = {2011-02},
        year = {2011},
	langid = {english},
	keywords = {autoencoders, application},
	file = {Using Autoencoders for Mammogram Compression.pdf:/home/fdavidcl/Zotero/storage/NDS2ENLU/Using Autoencoders for Mammogram Compression.pdf:application/pdf}
}

@collection{european_symposium_on_artificial_neural_networks_proceedings_2011,
	location = {Louvain-la-Neuve},
	title = {Proceedings / 19th European Symposium on Artificial Neural Networks, Computational Intelligence and Machine Learning, {ESANN} 2011: Bruges, Belgium, April 27-28-29, 2011},
	isbn = {978-2-87419-044-5},
	shorttitle = {Proceedings / 19th European Symposium on Artificial Neural Networks, Computational Intelligence and Machine Learning, {ESANN} 2011},
	pagetotal = {509},
	publisher = {Ciaco},
	editor = {European Symposium on Artificial Neural Networks and Verleysen, Michel and Université catholique de Louvain},
	year = {2011},
	note = {{OCLC}: 838104292},
	keywords = {autoencoders},
	file = {Using very deep autoencoders.pdf:/home/fdavidcl/Zotero/storage/IM5ZWE7L/Using very deep autoencoders.pdf:application/pdf}
}

@inproceedings{makhzani_winner-take-all_2015,
	title = {Winner-take-all autoencoders},
	pages = {2791--2799},
	booktitle = {Advances in Neural Information Processing Systems},
	author = {Makhzani, Alireza and Frey, Brendan J.},
	urldate = {2017-08-28},
	year = {2015},
	keywords = {autoencoders, sparse},
	file = {Winner-Take-All Autoencoders.pdf:/home/fdavidcl/Zotero/storage/99W6JSD7/Winner-Take-All Autoencoders.pdf:application/pdf}
}

@misc{bengio_representation_????,
	title = {Representation Learning.pdf},
	author = {Bengio, Yoshua and Courville, Aaron and Vincent, Pascal},
	keywords = {autoencoders, application},
	file = {Representation Learning.pdf:/home/fdavidcl/Zotero/storage/EBPVINRV/Representation Learning.pdf:application/pdf}
}

@article{irsoy_unsupervised_2017,
	title = {Unsupervised feature extraction with autoencoder trees},
	volume = {258},
	issn = {09252312},
	doi = {10.1016/j.neucom.2017.02.075},
	pages = {63--73},
	journal = {Neurocomputing},
	author = {İrsoy, Ozan and Alpaydın, Ethem},
	urldate = {2017-08-28},
	date = {2017-10},
        year = {2017},
	langid = {english},
	keywords = {autoencoders},
	file = {Unsupervised Feature Extraction with Autoencoder Trees.pdf:/home/fdavidcl/Zotero/storage/WGHA6VC5/Unsupervised Feature Extraction with Autoencoder Trees.pdf:application/pdf}
}

@article{erhan_why_2010,
	title = {Why does unsupervised pre-training help deep learning?},
	volume = {11},
	pages = {625--660},
	issue = {Feb},
	journal = {Journal of Machine Learning Research},
	author = {Erhan, Dumitru and Bengio, Yoshua and Courville, Aaron and Manzagol, Pierre-Antoine and Vincent, Pascal and Bengio, Samy},
	urldate = {2017-09-04},
	year = {2010},
	keywords = {autoencoders},
	file = {erhan10a.pdf:/home/fdavidcl/Zotero/storage/LVG73VMV/erhan10a.pdf:application/pdf}
}

@article{li_hierarchical_2015,
	title = {A hierarchical neural autoencoder for paragraphs and documents},
	journal = {{arXiv} preprint {arXiv}:1506.01057},
	author = {Li, Jiwei and Luong, Minh-Thang and Jurafsky, Dan},
	urldate = {2017-09-04},
	year = {2015},
	keywords = {autoencoders},
	file = {P15-1107.pdf:/home/fdavidcl/Zotero/storage/AMQIYFX5/P15-1107.pdf:application/pdf}
}

@article{cai_crf_2017,
	title = {{CRF} Autoencoder for Unsupervised Dependency Parsing},
	journal = {{arXiv} preprint {arXiv}:1708.01018},
	author = {Cai, Jiong and Jiang, Yong and Tu, Kewei},
	urldate = {2017-09-05},
	year = {2017},
	keywords = {autoencoders},
	file = {64a475049fcbb5e83be8ccb95d273a74bfd3.pdf:/home/fdavidcl/Zotero/storage/XYKXCMSQ/64a475049fcbb5e83be8ccb95d273a74bfd3.pdf:application/pdf}
}

@inproceedings{ammar_conditional_2014,
	title = {Conditional random field autoencoders for unsupervised structured prediction},
	pages = {3311--3319},
	booktitle = {Advances in Neural Information Processing Systems},
	author = {Ammar, Waleed and Dyer, Chris and Smith, Noah A.},
	urldate = {2017-09-05},
	year = {2014},
	keywords = {autoencoders},
	file = {5344-conditional-random-field-autoencoders-for-unsupervised-structured-prediction.pdf:/home/fdavidcl/Zotero/storage/PE5MAWRV/5344-conditional-random-field-autoencoders-for-unsupervised-structured-prediction.pdf:application/pdf}
}

@inproceedings{feng_cross-modal_2014,
	title = {Cross-modal Retrieval with Correspondence Autoencoder},
	isbn = {978-1-4503-3063-3},
	doi = {10.1145/2647868.2654902},
	pages = {7--16},
	publisher = {{ACM} Press},
	author = {Feng, Fangxiang and Wang, Xiaojie and Li, Ruifan},
	urldate = {2017-09-05},
	year = {2014},
	langid = {english},
	keywords = {autoencoders},
	file = {p7-feng.pdf:/home/fdavidcl/Zotero/storage/75W7543Q/p7-feng.pdf:application/pdf}
}

@incollection{tian_learning_2016,
	location = {Cham},
	title = {Learning Multiple Views with Orthogonal Denoising Autoencoders},
	volume = {9516},
	isbn = {978-3-319-27670-0 978-3-319-27671-7},
	pages = {313--324},
	booktitle = {{MultiMedia} Modeling},
	publisher = {Springer International Publishing},
	author = {Ye, {TengQi} and Wang, Tianchun and {McGuinness}, Kevin and Guo, Yu and Gurrin, Cathal},
	editor = {Tian, Qi and Sebe, Nicu and Qi, Guo-Jun and Huet, Benoit and Hong, Richang and Liu, Xueliang},
	urldate = {2017-09-06},
	year = {2016},
	doi = {10.1007/978-3-319-27671-7\_26},
	keywords = {autoencoders},
	file = {Learning Multiple Views with Orthogonal Denoising Autoencoders.pdf:/home/fdavidcl/Zotero/storage/6FMCTDU5/Learning Multiple Views with Orthogonal Denoising Autoencoders.pdf:application/pdf}
}

@article{Xu2016__,
    author = {Xu, Jun and Xiang, Lei and Liu, Qingshan and Gilmore, Hannah and Wu, Jianzhong and Tang, Jinghai and Madabhushi, Anant},
    doi = {10.1109/TMI.2015.2458702},
    issn = {0278-0062},
    journal = {IEEE Transactions on Medical Imaging},
    month = {jan},
    number = {1},
    pages = {119--130},
    title = {{Stacked Sparse Autoencoder (SSAE) for Nuclei Detection on Breast Cancer Histopathology Images}},
    volume = {35},
    year = {2016}
}
@article{Xu2016, title={Stacked Sparse Autoencoder ({SSAE}) for Nuclei Detection on Breast Cancer Histopathology Images}, volume={35}, ISSN={1558-254X}, DOI={10.1109/tmi.2015.2458702}, number={1}, journal={IEEE Transactions on Medical Imaging}, publisher={Institute of Electrical and Electronics Engineers (IEEE)}, author={Xu, Jun and Xiang, Lei and Liu, Qingshan and Gilmore, Hannah and Wu, Jianzhong and Tang, Jinghai and Madabhushi, Anant}, year={2016}, month={Jan}, pages={119--130}}

@inproceedings{Chicco2014,
    address = {New York, New York, USA},
    author = {Chicco, Davide and Sadowski, Peter and Baldi, Pierre},
    booktitle = {Proceedings of the 5th ACM Conference on Bioinformatics, Computational Biology, and Health Informatics - BCB '14},
    doi = {10.1145/2649387.2649442},
    file = {::},
    isbn = {9781450328944},
    keywords = {autoencoders,biomolecular annotations,gene ontology,matrix-completion,neural networks,principal component analysis,truncated singular value decomposition},
    pages = {533--540},
    publisher = {ACM Press},
    title = {{Deep autoencoder neural networks for gene ontology annotation predictions}},
    year = {2014}
}

@article{Hong2015__,
    author = {Hong, Chaoqun and Yu, Jun and Wan, Jian and Tao, Dacheng and Wang, Meng},
    doi = {10.1109/TIP.2015.2487860},
    issn = {1057-7149},
    journal = {IEEE Transactions on Image Processing},
    month = {dec},
    number = {12},
    pages = {5659--5670},
    title = {{Multimodal Deep Autoencoder for Human Pose Recovery}},
    volume = {24},
    year = {2015}
}

@article{Hong2015, title={Multimodal Deep Autoencoder for Human Pose Recovery}, volume={24}, ISSN={1941-0042}, DOI={10.1109/tip.2015.2487860}, number={12}, journal={IEEE Transactions on Image Processing}, publisher={Institute of Electrical and Electronics Engineers (IEEE)}, author={Hong, Chaoqun and Yu, Jun and Wan, Jian and Tao, Dacheng and Wang, Meng}, year={2015}, month={Dec}, pages={5659--5670}}

@inproceedings{Castellini2017,
    address = {New York, New York, USA},
    author = {Castellini, Jacopo and Poggioni, Valentina and Sorbi, Giulia},
    booktitle = {Proceedings of the International Conference on Web Intelligence  - WI '17},
    doi = {10.1145/3106426.3106489},
    file = {::},
    isbn = {9781450349512},
    keywords = {anomaly detection,artificial neural networks,autoencoder,denoising autoencoder,fake Twitter followers,one class mining,semi-supervised learning},
    pages = {195--202},
    publisher = {ACM Press},
    title = {{Fake Twitter followers detection by denoising autoencoder}},
    year = {2017}
}

@article{Shimobaba2017__,
    author = {Shimobaba, Tomoyoshi and Endo, Yutaka and Hirayama, Ryuji and Nagahama, Yuki and Takahashi, Takayuki and Nishitsuji, Takashi and Kakue, Takashi and Shiraki, Atsushi and Takada, Naoki and Masuda, Nobuyuki and Ito, Tomoyoshi},
    doi = {10.1364/AO.56.000F27},
    file = {::},
    issn = {0003-6935},
    journal = {Applied Optics},
    keywords = {Computer holography,Digital holography,Image reconstruction,restoration},
    month = {may},
    number = {13},
    pages = {F27},
    publisher = {Optical Society of America},
    title = {{Autoencoder-based holographic image restoration}},
    volume = {56},
    year = {2017}
}
@article{Shimobaba2017, title={Autoencoder-based holographic image restoration}, volume={56}, ISSN={1539-4522}, DOI={10.1364/ao.56.000f27}, number={13}, journal={Applied Optics}, publisher={The Optical Society}, author={Shimobaba, Tomoyoshi and Endo, Yutaka and Hirayama, Ryuji and Nagahama, Yuki and Takahashi, Takayuki and Nishitsuji, Takashi and Kakue, Takashi and Shiraki, Atsushi and Takada, Naoki and Masuda, Nobuyuki and et al.}, year={2017}, month={Feb}, pages={F27}}

@article{He2017__,
    author = {He, Fuzhen Zhuang and Zhiqiang Zhang and Mingda Qian and Chuan Shi and Xing Xie and Qing},
    doi = {10.1016/J.NEUNET.2017.03.009},
    issn = {0893-6080},
    journal = {Neural Networks},
    month = {jun},
    pages = {83--89},
    publisher = {Pergamon},
    title = {{Representation learning via Dual-Autoencoder for recommendation}},
    volume = {90},
    year = {2017}
}
@article{He2017, title={Representation learning via Dual-Autoencoder for recommendation}, volume={90}, ISSN={0893-6080}, DOI={10.1016/j.neunet.2017.03.009}, journal={Neural Networks}, publisher={Elsevier BV}, author={Zhuang, Fuzhen and Zhang, Zhiqiang and Qian, Mingda and Shi, Chuan and Xie, Xing and He, Qing}, year={2017}, month={Jun}, pages={83--89}}


@inproceedings{Meng2017,
    author = {Meng, Qinxue and Catchpoole, Daniel and Skillicom, David and Kennedy, Paul J.},
    booktitle = {2017 International Joint Conference on Neural Networks (IJCNN)},
    doi = {10.1109/IJCNN.2017.7965877},
    isbn = {978-1-5090-6182-2},
    month = {may},
    pages = {364--371},
    publisher = {IEEE},
    title = {{Relational autoencoder for feature extraction}},
    year = {2017}
}

@inproceedings{Chen2017OutlierDW,
	title={Outlier Detection with Autoencoder Ensembles},
	author={Chen, Jinghui and Sathe, Saket and Aggarwal, Charu and Turaga, Deepak},
	booktitle={Proceedings of the 2017 SIAM International Conference on Data Mining},
	pages={90--98},
	year={2017},
	organization={SIAM},
	doi={10.1137/1.9781611974973.11}
}

@inproceedings{Xu2017VariationalAF,
  title={Variational Autoencoder for Semi-Supervised Text Classification},
  author={Weidi Xu and Haoze Sun and Chao Deng and Ying Tan},
  booktitle = {AAAI Conference on Artificial Intelligence},
  year={2017}
}

@article{McCullochPitts,
  title={A logical calculus of the ideas immanent in nervous activity},
  author={McCulloch, Warren S and Pitts, Walter},
  journal={The bulletin of mathematical biophysics},
  volume={5},
  number={4},
  pages={115--133},
  year={1943},
  publisher={Springer},
  doi={10.1007/BF02478259}
}

@book{HebbRule,
  title={The organization of behavior: A neuropsychological theory},
  author={Hebb, Donald Olding},
  year={1949},
  publisher={John Wiley And Sons},
  doi = {10.1002/sce.37303405110}
}

@book{Perceptron,
  title={The perceptron, a perceiving and recognizing automaton (Project {PARA})},
  author={Rosenblatt, Frank},
  year={1957},
  publisher={Cornell Aeronautical Laboratory}
}

@article{Backpropagation,
  title={Learning representations by back-propagating errors},
  author={Rumelhart, David E and Hinton, Geoffrey E and Williams, Ronald J},
  journal={Nature},
  volume={323},
  number={6088},
  pages={533--538},
  year={1986},
  doi={10.1038/323533a0}
}

@article{ANNsUniversalApproximator,
  title={Multilayer feedforward networks are universal approximators},
  author={Hornik, Kurt and Stinchcombe, Maxwell and White, Halbert},
  journal={Neural networks},
  volume={2},
  number={5},
  pages={359--366},
  year={1989},
  publisher={Elsevier},
  doi={10.1016/0893-6080(89)90020-8}
}

@article{VanishingGradient,
  title={The vanishing gradient problem during learning recurrent neural nets and problem solutions},
  author={Hochreiter, Sepp},
  journal={International Journal of Uncertainty, Fuzziness and Knowledge-Based Systems},
  volume={6},
  number={02},
  pages={107--116},
  year={1998},
  publisher={World Scientific},
  doi={10.1142/S0218488598000094}
}

@article{LeCunBackpropagation,
  title={Backpropagation applied to handwritten zip code recognition},
  author={LeCun, Yann and Boser, Bernhard and Denker, John S and Henderson, Donnie and Howard, Richard E and Hubbard, Wayne and Jackel, Lawrence D},
  journal={Neural computation},
  volume={1},
  number={4},
  pages={541--551},
  year={1989},
  publisher={MIT Press},
  doi={10.1162/neco.1989.1.4.541}
}

@article{HintonDBN,
  title={A fast learning algorithm for deep belief nets},
  author={Hinton, Geoffrey E and Osindero, Simon and Teh, Yee-Whye},
  journal={Neural computation},
  volume={18},
  number={7},
  pages={1527--1554},
  year={2006},
  publisher={MIT Press},
  doi={10.1162/neco.2006.18.7.1527}
}

@book{Richard1957,
    author = {Bellman, R},
    publisher = {Princeton University Press},
    ISBN = {978-0-691-07951-6},
    pages = {342},
    title = {{Dynamic Programming}},
    year = {1957}
}


@article{FeatureEngineering,
  title={A conceptual basis for feature engineering},
  author={Turner, C Reid and Fuggetta, Alfonso and Lavazza, Luigi and Wolf, Alexander L},
  journal={Journal of Systems and Software},
  volume={49},
  number={1},
  pages={3--15},
  year={1999},
  publisher={Elsevier},
  doi={10.1016/S0164-1212(99)00062-X}
}

@article{DBNs,
  title={Deep belief networks},
  author={Hinton, Geoffrey E},
  journal={Scholarpedia},
  volume={4},
  number={5},
  pages={5947},
  year={2009},
  doi={10.4249/scholarpedia.5947}
}

@incollection{CNNs,
 author = {LeCun, Yann and Bengio, Yoshua},
 chapter = {Convolutional Networks for Images, Speech, and Time Series},
 title = {The Handbook of Brain Theory and Neural Networks},
 editor = {Arbib, Michael A.},
 year = {1998},
 isbn = {0-262-51102-9},
 pages = {255--258},
 numpages = {4},
 publisher = {MIT Press},
 address = {Cambridge, MA, USA},
}

@article{LSTMs,
    author = {Sepp Hochreiter  and  Jürgen Schmidhuber},
    title = {Long Short-Term Memory},
    journal = {Neural Computation},
    volume = {9},
    number = {8},
    pages = {1735-1780},
    year = {1997},
    doi = {10.1162/neco.1997.9.8.1735},
}

@article{FeatureSelection,
  title={Feature Selection for Classification},
  author={Manoranjan Dash and Huan Liu},
  journal={Intelligent Data Analysis},
  year={1997},
  volume={1},
  pages={131-156},
  doi={10.3233/IDA-1997-1302}
}

@book{FeatureExtraction,
  title={Feature extraction, construction and selection: A data mining perspective},
  author={Liu, Huan and Motoda, Hiroshi},
  volume={453},
  year={1998},
  publisher={Springer Science \& Business Media},
  doi={10.1007/978-1-4615-5725-8}
}

@incollection{FeatureWeighting,
	title={A review and empirical evaluation of feature weighting methods for a class of lazy learning algorithms},
	author={Wettschereck, Dietrich and Aha, David W and Mohri, Takao},
	booktitle={Lazy learning},
	pages={273--314},
	year={1997},
	publisher={Springer},
	doi={10.1023/A:1006593614256}
}

@inproceedings{DistributedRepresentations,
	title={Learning distributed representations of concepts},
	author={Hinton, Geoffrey E},
	booktitle={Proceedings of the eighth annual conference of the cognitive science society},
	volume={1},
	pages={12},
	year={1986},
	organization={Amherst, MA},
	doi={10.1109/69.917563}
}

@article{bengio_representation_2013,
	title = {Representation learning: A review and new perspectives},
	volume = {35},
	shorttitle = {Representation learning},
	pages = {1798--1828},
	number = {8},
	journal = {{IEEE} transactions on pattern analysis and machine intelligence},
	author = {Bengio, Yoshua and Courville, Aaron and Vincent, Pascal},
	urldate = {2017-09-05},
	year = {2013},
	doi={10.1109/TPAMI.2013.50}
}



@phdthesis{CorrelationFS,
	title={Correlation-based feature selection for machine learning},
	author={Hall, Mark Andrew},
	year={1999},
	school={University of Waikato Hamilton}
}

@article{UnsupervisedFS,
	title={Unsupervised Feature Selection Using Feature Similarity},
	author={Pabitra Mitra and C. A. Murthy and Sankar K. Pal},
	journal={IEEE Transactions on Pattern Analysis and Machine Intelligence},
	year={2002},
	volume={24},
	number={3},
	pages={301--312},
	doi={10.1109/34.990133}
}

@article{MutualInformationDS,
	title={Feature selection based on mutual information criteria of max-dependency, max-relevance, and min-redundancy},
	author={Hanchuan Peng and Fuhui Long and Chris H. Q. Ding},
	journal={IEEE Transactions on Pattern Analysis and Machine Intelligence},
	year={2005},
	volume={27},
	pages={1226-1238},
	doi={10.1109/TPAMI.2005.159}
}

@article{PCAHotelling,
  title={Analysis of a complex of statistical variables into principal components},
  author={Hotelling, Harold},
  journal={Journal of educational psychology},
  volume={24},
  number={6},
  pages={417},
  year={1933},
  publisher={Warwick \& York},
  doi={10.1037/h0071325}
}

@article{LDA,
  title={The statistical utilization of multiple measurements},
  author={Fisher, Ronald A},
  journal={Annals of Human Genetics},
  volume={8},
  number={4},
  pages={376--386},
  year={1938},
  publisher={Wiley Online Library},
  doi={10.1111/j.1469-1809.1938.tb02189.x}
}

@article{KernelPCA,
  title={Nonlinear component analysis as a kernel eigenvalue problem},
  author={Sch{\"o}lkopf, Bernhard and Smola, Alexander and M{\"u}ller, Klaus-Robert},
  journal={Neural computation},
  volume={10},
  number={5},
  pages={1299--1319},
  year={1998},
  publisher={MIT Press},
  doi={10.1162/089976698300017467}
}

@article{Isomap,
  title={A global geometric framework for nonlinear dimensionality reduction},
  author={Tenenbaum, Joshua B and De Silva, Vin and Langford, John C},
  journal={science},
  doi={10.1126/science.290.5500.2319},
  volume={290},
  number={5500},
  pages={2319--2323},
  year={2000},
  publisher={American Association for the Advancement of Science}
}

@article{LLE,
  title={Nonlinear dimensionality reduction by locally linear embedding},
  author={Roweis, Sam T and Saul, Lawrence K},
  journal={science},
  doi={10.1126/science.290.5500.2323},
  volume={290},
  number={5500},
  pages={2323--2326},
  year={2000},
  publisher={American Association for the Advancement of Science}
}

@techreport{ManifoldLearning,
  title={Algorithms for manifold learning},
  author={Cayton, Lawrence},
  institution={University of California at San Diego},
  volume={12},
  pages={1--17},
  year={2005}
}

@article{FeatureFusion,
  title={A survey of decision fusion and feature fusion strategies for pattern classification},
  author={Mangai, Utthara Gosa and Samanta, Suranjana and Das, Sukhendu and Chowdhury, Pinaki Roy},
  journal={IETE Technical review},
  volume={27},
  number={4},
  pages={293--307},
  year={2010},
  publisher={Taylor \& Francis},
  doi={10.4103/0256-4602.64604}
}

@article{DeepLearning,
	title={Deep Learning in Neural Networks: An Overview},
	author={J{\"{u}rgen Schmidhuber}},
	journal={Neural networks : the official journal of the International Neural Network Society},
	year={2015},
	volume={61},
	pages={85-117},
	doi={10.1016/j.neunet.2014.09.003}
}

@inproceedings{AEs,
author = {Ballard, Dana H.},
 title = {Modular Learning in Neural Networks},
 booktitle = {Proceedings of the Sixth National Conference on Artificial Intelligence - Volume 1},
 series = {AAAI'87},
 year = {1987},
 isbn = {0-934613-42-7},
 location = {Seattle, Washington},
 pages = {279--284},
 numpages = {6},
 publisher = {AAAI Press},
}

@article{DeepTrainingStrategies,
	title={Exploring strategies for training deep neural networks},
	author={Larochelle, Hugo and Bengio, Yoshua and Louradour, J{\'e}r{\^o}me and Lamblin, Pascal},
	journal={Journal of Machine Learning Research},
	volume={10},
	number={Jan},
	pages={1--40},
	year={2009}
}

@article{bourlard_auto-association_1988,
	title = {Auto-association by multilayer perceptrons and singular value decomposition},
	volume = {59},
	pages = {291--294},
	number = {4},
	journal = {Biological cybernetics},
	author = {Bourlard, Hervé and Kamp, Yves},
	year = {1988},
	doi={10.1007/BF00332918}
}

@article{rumelhart_representations_1986,
  title={Learning representations by back-propagating errors},
  author={Rumelhart, David E and Hinton, Geoffrey E and Williams, Ronald J and others},
  journal={Nature},
  volume={323},
  number={6088},
  pages={533--538},
  year={1986}
}


@inproceedings{deng_binary_2010,
	title = {Binary coding of speech spectrograms using a deep auto-encoder},
	booktitle = {Eleventh Annual Conference of the International Speech Communication Association},
	author = {Deng, Li and Seltzer, Michael L. and Yu, Dong and Acero, Alex and Mohamed, Abdel-rahman and Hinton, Geoff},
	year = {2010},
}

@inproceedings{qi_robust_2014,
	title = {Robust feature learning by stacked autoencoder with maximum correntropy criterion},
	pages = {6716--6720},
	booktitle = {{IEEE} International Conference on Acoustics, Speech and Signal Processing ({ICASSP})},
	publisher = {{IEEE}},
	author = {Qi, Yu and Wang, Yueming and Zheng, Xiaoxiang and Wu, Zhaohui},
	year = {2014},
	doi={10.1109/ICASSP.2014.6854900}
}

@inproceedings{liu_correntropy_2006,
	title = {Correntropy: A localized similarity measure},
	shorttitle = {Correntropy},
	pages = {4919--4924},
	booktitle = {IEEE International Joint Conference on Neural Networks, 2006. {IJCNN}},
	publisher = {{IEEE}},
	author = {Liu, Weifeng and Pokharel, Puskal P. and Principe, Jose C.},
	year = {2006},
	doi={10.1109/IJCNN.2006.247192}
}

@article{olshausen1996emergence,
  title={Emergence of simple-cell receptive field properties by learning a sparse code for natural images},
  author={Olshausen, Bruno A and Field, David J},
  journal={Nature},
  volume={381},
  number={6583},
  pages={607--609},
  year={1996},
  doi={10.1038/381607a0}
}
@article{olshausen1997sparse,
  title={Sparse coding with an overcomplete basis set: A strategy employed by V1?},
  author={Olshausen, Bruno A and Field, David J},
  journal={Vision research},
  volume={37},
  number={23},
  pages={3311--3325},
  year={1997},
  publisher={Elsevier},
  doi={10.1016/S0042-6989(97)00169-7}
}

@inproceedings{lee_sparse_2008,
	title = {Sparse deep belief net model for visual area V2},
	pages = {873--880},
	booktitle = {Advances in neural information processing systems},
	author = {Lee, Honglak and Ekanadham, Chaitanya and Ng, Andrew Y.},
	year = {2008},
	keywords = {autoencoders, sparse},
	file = {3313-sparse-deep-belief-net-model-for-visual-area-v2.pdf:/home/fdavidcl/Zotero/storage/EWJINISP/3313-sparse-deep-belief-net-model-for-visual-area-v2.pdf:application/pdf}
}

@article{ng2011sparse,
  title={Sparse autoencoder},
  author={Ng, Andrew},
  journal={CS294A Lecture notes},
  volume={72},
  number={2011},
  pages={1--19},
  year={2011}
}

@article{kullback1951information,
  title={On information and sufficiency},
  author={Kullback, Solomon and Leibler, Richard A},
  journal={The annals of mathematical statistics},
  volume={22},
  number={1},
  pages={79--86},
  year={1951},
  publisher={JSTOR},
  doi={10.1214/aoms/1177729694}
}



@article{ANNsPCA,
  title={Neural networks and principal component analysis: Learning from examples without local minima},
  author={Baldi, Pierre and Hornik, Kurt},
  journal={Neural networks},
  volume={2},
  number={1},
  pages={53--58},
  year={1989},
  publisher={Elsevier},
  doi={10.1016/0893-6080(89)90014-2}
}

@inproceedings{AutoencoderScoring,
  title = 	 {On autoencoder scoring},
  author = 	 {Hanna Kamyshanska and Roland Memisevic},
  booktitle = 	 {Proceedings of the 30th International Conference on Machine Learning},
  pages = 	 {720--728},
  year = 	 {2013},
  editor = 	 {Sanjoy Dasgupta and David McAllester},
  volume = 	 {28},
  number =       {3},
  series = 	 {Proceedings of Machine Learning Research},
  address = 	 {Atlanta, Georgia, USA},
  month = 	 {17--19 Jun},
  publisher = 	 {PMLR},
}

@inproceedings{ANNsPCA2,
  title={Deep autoencoder neural networks for gene ontology annotation predictions},
  author={Chicco, Davide and Sadowski, Peter and Baldi, Pierre},
  booktitle={Proceedings of the 5th ACM Conference on Bioinformatics, Computational Biology, and Health Informatics},
  pages={533--540},
  year={2014},
  organization={ACM},
  doi={10.1145/2649387.2649442}
}

@inproceedings{RELUinAEs,
  title={Domain adaptation for large-scale sentiment classification: A deep learning approach},
  author={Glorot, Xavier and Bordes, Antoine and Bengio, Yoshua},
  booktitle={Proceedings of the 28th international conference on machine learning (ICML-11)},
  pages={513--520},
  year={2011}
}

@article{RELUinAEs2,
  title={Knowledge matters: Importance of prior information for optimization},
  author={G{\"u}l{\c{c}}ehre, {\c{C}}a{\u{g}}lar and Bengio, Yoshua},
  journal={Journal of Machine Learning Research},
  volume={17},
  number={8},
  pages={1--32},
  year={2016}
}

@Inbook{EfficientBackprop,
    author="LeCun, Yann and Bottou, Leon and Orr, Genevieve B. and  M{\"u}ller, Klaus -Robert",
    editor="Orr, Genevieve B. and M{\"u}ller, Klaus-Robert",
    title="Efficient BackProp",
    bookTitle="Neural Networks: Tricks of the Trade",
    year="1998",
    publisher="Springer Berlin Heidelberg",
    address="Berlin, Heidelberg",
    pages="9--50",
    isbn="978-3-540-49430-0",
    doi="10.1007/3-540-49430-8\_2",
}


@inproceedings{SELU,
  title={Self-Normalizing Neural Networks},
  author={Klambauer, G{\"u}nter and Unterthiner, Thomas and Mayr, Andreas and Hochreiter, Sepp},
  booktitle={Advances in Neural Information Processing Systems (NIPS)},
  year={2017}
}

@inproceedings{DeepAEwSELU,
  title={Training Deep AutoEncoders for Recommender Systems},
  author={Oleksii Kuchaiev and Boris Ginsburg},
  booktitle={International Conference on Learning Representations},
  year={2018}
}

@phdthesis{yann1987modeles,
  title={Mod{\`e}les connexionnistes de l'apprentissage},
  author={LeCun, Yann},
  year={1987},
  school={These de Doctorat, Universit{\'e} Paris 6}
}


@inproceedings{vincent_denoising_2008,
	title = {Extracting and Composing Robust Features with Denoising Autoencoders},
	isbn = {978-1-60558-205-4},
	series = {{ICML} '08},
	pages = {1096--1103},
	booktitle = {Proceedings of the 25th International Conference on Machine Learning},
	publisher = {{ACM}},
	author = {Vincent, Pascal and Larochelle, Hugo and Bengio, Yoshua and Manzagol, Pierre-Antoine},
	year = {2008},
	keywords = {autoencoders, denoising},
	file = {Extracting and Composing Robust Features with Denoising.pdf:/home/fdavidcl/Zotero/storage/CU4MLHPX/Extracting and Composing Robust Features with Denoising.pdf:application/pdf}
}
@article{vincent2010stacked,
  title={Stacked denoising autoencoders: Learning useful representations in a deep network with a local denoising criterion},
  author={Vincent, Pascal and Larochelle, Hugo and Lajoie, Isabelle and Bengio, Yoshua and Manzagol, Pierre-Antoine},
  journal={Journal of Machine Learning Research},
  volume={11},
  number={Dec},
  pages={3371--3408},
  year={2010}
}

@inproceedings{dauphin2015equilibrated,
  title={Equilibrated adaptive learning rates for non-convex optimization},
  author={Dauphin, Yann and de Vries, Harm and Bengio, Yoshua},
  booktitle={Advances in neural information processing systems},
  pages={1504--1512},
  year={2015}
}

@inproceedings{ngiam2011optimization,
  title={On optimization methods for deep learning},
  author={Ngiam, Jiquan and Coates, Adam and Lahiri, Ahbik and Prochnow, Bobby and Le, Quoc V and Ng, Andrew Y},
  booktitle={Proceedings of the 28th international conference on machine learning (ICML-11)},
  pages={265--272},
  year={2011}
}

@article{robbins1951stochastic, 
  title={A stochastic approximation method},
  author={Robbins, Herbert and Monro, Sutton},
  journal={The annals of mathematical statistics},
  pages={400--407},
  year={1951},
  publisher={JSTOR},
  doi={10.1007/978-1-4612-5110-1\_9}
} %sgd

@article{duchi2011adaptive,
  title={Adaptive subgradient methods for online learning and stochastic optimization},
  author={Duchi, John and Hazan, Elad and Singer, Yoram},
  journal={Journal of Machine Learning Research},
  volume={12},
  number={Jul},
  pages={2121--2159},
  year={2011}
}

%% Sí, esto es una cita a coursera. Tiene 888 citas en
%% Scholar, parece la fuente original del algoritmo.
@article{tieleman2012lecture,
  title={Lecture 6.5-RMSProp},
  author={Tieleman, Tijmen and Hinton, Geoffrey},
  journal={COURSERA: Neural networks for machine learning},
  volume={4},
  number={2},
  pages={26--31},
  year={2012}
}

%% Qué pasa con los algoritmos de optimización, que no están en revistas
@article{zeiler2012adadelta,
  title={ADADELTA: an adaptive learning rate method},
  author={Zeiler, Matthew D},
  journal={arXiv preprint arXiv:1212.5701},
  year={2012}
}

@inproceedings{kingma2015adam,
  title={Adam: A method for stochastic optimization},
  author={Kingma, Diederik and Ba, Jimmy},
  booktitle={International Conference on Learning Representations},
  year={2015}
}

@article{cauchy1847methode,
  title={M{\'e}thode g{\'e}n{\'e}rale pour la r{\'e}solution des systemes d’{\'e}quations simultan{\'e}es},
  author={Cauchy, Augustin},
  journal={Comptes Rendus des S{\'e}ances de l'Acad{\'e}mie des Sciences},
  volume={A},
  number={25},
  pages={536--538},
  year={1847}
}

@inproceedings{krogh1992wd,
  title={A simple weight decay can improve generalization},
  author={Krogh, Anders and Hertz, John A},
  booktitle={Advances in neural information processing systems},
  pages={950--957},
  year={1992}
}

@article{JPEG,
  title={The {JPEG} still picture compression standard},
  author={Wallace, Gregory K},
  journal={IEEE transactions on consumer electronics},
  volume={38},
  number={1},
  pages={xviii--xxxiv},
  year={1992},
  publisher={IEEE},
  doi={10.1145/103085.103089}
}

@inproceedings{AEImageCompress,
  title={Image Compression with Stochastic Winner-Take-All Auto-Encoder},
  author={Dumas, Thierry and Roumy, Aline and Guillemot, Christine},
  booktitle={2017 IEEE International Conference on Acoustics, Speech and Signal Processing (ICASSP 2017)},
  year={2017},
  doi={10.1109/ICASSP.2017.7952409}
}

@article{AEBioCompress,
  title={Lightweight lossy compression of biometric patterns via denoising autoencoders},
  author={Del Testa, Davide and Rossi, Michele},
  journal={IEEE Signal Processing Letters},
  volume={22},
  number={12},
  pages={2304--2308},
  year={2015},
  publisher={IEEE},
  doi={10.1109/LSP.2015.2476667}
}

@inproceedings{VAESentenceCompress,
  title={Language as a latent variable: Discrete generative models for sentence compression},
  author={Miao, Y and Blunsom, P},
  booktitle={Proceedings of the 2016 Conference on Empirical Methods in Natural Language Processing},
  pages={319--328},
  year={2016}
}

@article{RAETSCompress,
title={Time Series Compression Based on Adaptive Piecewise Recurrent Autoencoder},
  author={Hsu, Daniel},
  journal={arXiv preprint arXiv:1707.07961},
  year={2017}
}

@article{AutoassociativeNN,
	title={Nonlinear principal component analysis using autoassociative neural networks},
	author={Kramer, Mark A},
	journal={AIChE journal},
	volume={37},
	number={2},
	pages={233--243},
	year={1991},
	publisher={Wiley Online Library},
	doi={10.1002/aic.690370209}
}

@inproceedings{DiaboloNN,
	title={Training methods for adaptive boosting of neural networks},
	author={Schwenk, Holger and Bengio, Yoshua},
	booktitle={Advances in neural information processing systems},
	pages={647--653},
	year={1998},
	doi={10.1162/089976600300015178}
}

@incollection{OutlierAnalysis,
	title={An introduction to outlier analysis},
	author={Aggarwal, Charu C},
	booktitle={Outlier analysis},
	pages={1--40},
	year={2013},
	publisher={Springer},
	doi={978-3-319-47578-3\_1}
}

@article{MultiviewLearning,
  title={A survey on multi-view learning},
  author={Xu, Chang and Tao, Dacheng and Xu, Chao},
  journal={arXiv preprint arXiv:1304.5634},
  year={2013}
}

@inproceedings{Seq2Seq,
  title={Recurrent Continuous Translation Models.},
  author={Kalchbrenner, Nal and Blunsom, Phil},
  booktitle={Proceedings of the 2013 Conference on Empirical Methods in Natural Language Processing},
  volume={3},
  number={39},
  pages={413},
  year={2013}
}

@article{SemanticHashing,
  title={Semantic hashing},
  author={Salakhutdinov, Ruslan and Hinton, Geoffrey},
  journal={International Journal of Approximate Reasoning},
  volume={50},
  number={7},
  pages={969--978},
  year={2009},
  publisher={Elsevier},
  doi={10.1016/j.ijar.2008.11.006}
}



@InProceedings{EnergyUnsupervised,
  title = 	 {A Unified Energy-Based Framework for Unsupervised Learning},
  author = 	 {Marc’Aurelio Ranzato and Y-Lan Boureau and Sumit Chopra and Yann LeCun},
  booktitle = 	 {Proceedings of the Eleventh International Conference on Artificial Intelligence and Statistics},
  pages = 	 {371--379},
  year = 	 {2007},
  editor = 	 {Marina Meila and Xiaotong Shen},
  volume = 	 {2},
  series = 	 {Proceedings of Machine Learning Research},
  address = 	 {San Juan, Puerto Rico},
  month = 	 {21--24 Mar},
  publisher = 	 {PMLR},
}

@article{ReplicatorNN,
  title={Replicator neural networks for universal optimal source coding},
  author={Hecht-Nielsen, Robert},
  journal={Science},
  pages={1860--1863},
  year={1995},
  publisher={JSTOR},
  doi={10.1126/science.269.5232.1860}
}

@article{VariationalBayes,
  title={A tutorial on variational Bayesian inference},
  author={Fox, Charles W and Roberts, Stephen J},
  journal={Artificial intelligence review},
  pages={1--11},
  year={2012},
  publisher={Springer},
  doi={10.1007/s10462-011-9236-8}
}

@inproceedings{VAEgenerating,
  title={Generating images with perceptual similarity metrics based on deep networks},
  author={Dosovitskiy, Alexey and Brox, Thomas},
  booktitle={Advances in Neural Information Processing Systems},
  pages={658--666},
  year={2016}
}

@inproceedings{rezende2014stochastic,
  title={Stochastic Backpropagation and Approximate Inference in Deep Generative Models},
  author={Rezende, Danilo J and Mohamed, Shakir and Wierstra, Daan},
  booktitle={Proceedings of the 31st International Conference on Machine Learning (ICML-14)},
  pages={1278--1286},
  year={2014}
}

@inproceedings{LayerwiseTraining,
  title={Greedy layer-wise training of deep networks},
  author={Bengio, Yoshua and Lamblin, Pascal and Popovici, Dan and Larochelle, Hugo},
  booktitle={Advances in neural information processing systems},
  pages={153--160},
  year={2007}
}
@inproceedings{EmpiricalEvaluation,
  title={An empirical evaluation of deep architectures on problems with many factors of variation},
  author={Larochelle, Hugo and Erhan, Dumitru and Courville, Aaron and Bergstra, James and Bengio, Yoshua},
  booktitle={Proceedings of the 24th international conference on Machine learning},
  pages={473--480},
  year={2007},
  organization={ACM}
}


@article{HashingReview2017,
  title={Hashing Techniques: A Survey and Taxonomy},
  author={Chi, Lianhua and Zhu, Xingquan},
  journal={ACM Computing Surveys (CSUR)},
  volume={50},
  number={1},
  pages={11},
  year={2017},
  publisher={ACM},
  doi={10.1145/3047307}
}

@inproceedings{LSH,
  title={Similarity Search in High Dimensions via Hashing},
  author={Gionis, Aristides and Indyk, Piotr and Motwani, Rajeev},
  booktitle={Proceedings of the 25th International Conference on Very Large Data Bases},
  pages={518--529},
  year={1999},
  organization={Morgan Kaufmann Publishers Inc.}
}

@inproceedings{MethodAuxiliaryCoordinates,
  title={Distributed optimization of deeply nested systems},
  author={Carreira-Perpinan, Miguel and Wang, Weiran},
  booktitle={Artificial Intelligence and Statistics},
  pages={10--19},
  year={2014}
}

@article{SVD,
  title={Singular value decomposition and least squares solutions},
  author={Golub, Gene H and Reinsch, Christian},
  journal={Numerische mathematik},
  volume={14},
  number={5},
  pages={403--420},
  year={1970},
  publisher={Springer},
  doi={10.1007/BF02163027}
}

@article{HumanPoseRecovery,
  title={Vision-based pose estimation from points with unknown correspondences},
  author={Zhou, Haoyin and Zhang, Tao and Lu, Weining},
  journal={IEEE Transactions on Image Processing},
  volume={23},
  number={8},
  pages={3468--3477},
  year={2014},
  publisher={IEEE},
  doi={10.1109/TIP.2014.2329765}
}

@inproceedings{LSTMAE,
  title={Unsupervised learning of video representations using {LSTMs}},
  author={Srivastava, Nitish and Mansimov, Elman and Salakhudinov, Ruslan},
  booktitle={International Conference on Machine Learning},
  pages={843--852},
  year={2015}
}
@article{LSTM,
  title={Long short-term memory},
  author={Hochreiter, Sepp and Schmidhuber, J{\"u}rgen},
  journal={Neural computation},
  volume={9},
  number={8},
  pages={1735--1780},
  year={1997},
  publisher={MIT Press},
  doi={10.1162/neco.1997.9.8.1735}
}

@book{DigitalHolography,
  title={Digital holography and three-dimensional display: Principles and Applications},
  author={Poon, Ting-Chung},
  year={2006},
  publisher={Springer Science \& Business Media},
  doi={10.1007/0-387-31397-4}
}

@article{DenoisingMedicalImages,
  title={Medical Image Denoising Using Convolutional Denoising Autoencoders},
  author={Lovedeep Gondara},
  journal={2016 IEEE 16th International Conference on Data Mining Workshops (ICDMW)},
  year={2016},
  pages={241-246},
  doi={10.1109/ICDMW.2016.0041}
}

@inproceedings{SpeechDAE,
  title={Speech enhancement based on deep denoising autoencoder},
  author={Xugang Lu and Yu Tsao and Shigeki Matsuda and Chiori Hori},
  booktitle={14th Annual Conference of the International Speech Communication Association ({INTERSPEECH})},
  year={2013}
}

@inproceedings{ReverberantSpeechDAE,
  title={Reverberant speech recognition based on denoising autoencoder},
  author={Takaaki Ishii and Hiroki Komiyama and Takahiro Shinozaki and Yasuo Horiuchi and Shingo Kuroiwa},
  booktitle={14th Annual Conference of the International Speech Communication Association ({INTERSPEECH})},
   year={2013}
}

@article{WhisperedSppechDAE,
  title={Whispered Speech Recognition Using Deep Denoising Autoencoder and Inverse Filtering},
  author={Grozdi{\'c}, D T and Jovi{\v{c}}i{\'c}, Slobodan T},
  journal={IEEE/ACM Transactions on Audio, Speech, and Language Processing},
  volume={25},
  number={12},
  pages={2313--2322},
  year={2017},
  publisher={IEEE},
  doi={10.1109/TASLP.2017.2738559}
}

@inproceedings{RelationalDAE,
  title={Relational Stacked Denoising Autoencoder for Tag Recommendation},
  author={Wang, Hao and Shi, Xingjian and Yeung, Dit-Yan},
  booktitle={Twenty-Ninth AAAI Conference on Artificial Intelligence},
  year={2015}
}

@inproceedings{TagRecommendation,
  title={Tagsplanations: explaining recommendations using tags},
  author={Vig, Jesse and Sen, Shilad and Riedl, John},
  booktitle={Proceedings of the 14th international conference on Intelligent user interfaces},
  pages={47--56},
  year={2009},
  organization={ACM},
  doi={10.1145/1502650.1502661}
}

@inproceedings{QUINTA,
  title={QUINTA: a question tagging assistant to improve the answering ratio in electronic forums},
  author={Charte, Francisco and Rivera, Antonio J and del Jesus, Mar{\'\i}a J and Herrera, Francisco},
  booktitle={IEEE EUROCON 2015-International Conference on Computer as a Tool},
  pages={1--6},
  year={2015},
  organization={IEEE},
  doi={10.1109/EUROCON.2015.7313677}
}

@article{TFIDF,
  title="{Extended Boolean information retrieval}",
  author={Salton, Gerard and Fox, Edward A and Wu, Harry},
  journal={Communications of the ACM},
  volume={26},
  number={11},
  pages={1022--1036},
  year={1983},
  publisher={ACM},
  doi={10.1145/182.358466}
}


@inproceedings{PixelGAN,
	title = {{PixelGAN} Autoencoders},
	pages = {1972--1982},
	booktitle = {Advances in Neural Information Processing Systems 30},
	publisher = {Curran Associates, Inc.},
	author = {Makhzani, Alireza and Frey, Brendan J},
	editor = {Guyon, I. and Luxburg, U. V. and Bengio, S. and Wallach, H. and Fergus, R. and Vishwanathan, S. and Garnett, R.},
	urldate = {2017-12-08},
	year = {2017},
}
@inproceedings{ASVAE,
  title={Adversarial symmetric variational autoencoder},
  author={Pu, Yuchen and Wang, Weiyao and Henao, Ricardo and Chen, Liqun and Gan, Zhe and Li, Chunyuan and Carin, Lawrence},
  booktitle={Advances in Neural Information Processing Systems},
  pages={4331--4340},
  year={2017}
}
@incollection{VRAE,
  title={Variational recurrent auto-encoders},
  author={Fabius, Otto and van Amersfoort, Joost R},
  booktitle={International Conference on Learning Representations},
  journal={arXiv preprint arXiv:1412.6581},
  year={2015}
}

@inproceedings{MLC-DL,
author = {Chih-Kuan Yeh and Wei-Chieh Wu and Wei-Jen Ko and Yu-Chiang Frank Wang},
	title = {Learning Deep Latent Space for Multi-Label Classification},
	booktitle = {AAAI Conference on Artificial Intelligence},
	year = {2017},
}

@book{Charte:SB-MLC,
    title = {{Multilabel Classification. Problem analysis, metrics and techniques}},
    author = {Herrera, Francisco and Charte, Francisco and Rivera, Antonio J. and del Jesus, Mar\'ia J.},
    publisher = {Springer},
    year = {2016},
    isbn = {978-3-319-41110-1},
    doi = {10.1007/978-3-319-41111-8}
}

@article{CNNsLeCun,
  title={Backpropagation Applied to Handwritten Zip Code Recognition},
  author={Yann LeCun and Bernhard E. Boser and John S. Denker and Donnie Henderson and Richard E. Howard and Wayne E. Hubbard and Lawrence D. Jackel},
  journal={Neural Computation},
  year={1989},
  volume={1},
  pages={541-551},
  doi={10.1162/neco.1989.1.4.541}
}

@article{KnuthNotation,
  title={Two notes on notation},
  author={Knuth, Donald E},
  journal={The American Mathematical Monthly},
  volume={99},
  number={5},
  pages={403--422},
  year={1992},
  publisher={JSTOR},
  doi={10.2307/2325085}
}

@article{PCA, title={{LIII}. {On} lines and planes of closest fit to systems of points in space}, volume={2}, ISSN={1941-5990}, DOI={10.1080/14786440109462720}, number={11}, journal={Philosophical Magazine Series 6}, publisher={Informa UK Limited}, author={Pearson, Karl}, year={1901}, month={Nov}, pages={559--572}}

@incollection{PCABook,
  title={Introduction},
  author={Jolliffe, Ian T},
  booktitle={Principal component analysis},
  pages={1--7},
  year={1986},
  doi="10.1007/978-1-4757-1904-8",
  isbn="978-1-4757-1904-8",
  publisher={Springer}
}
@incollection{PCAandFA,
  title={Principal Component Analysis and Factor Analysis},
  author={Jolliffe, Ian T},
  booktitle={Principal component analysis},
  pages={115--128},
  year={1986},
  doi="10.1007/978-1-4757-1904-8",
  isbn="978-1-4757-1904-8",
  publisher={Springer}
}


@article{Domingos2012AFU,
 title={A few useful things to know about machine learning},
  author={Domingos, Pedro},
  journal={Communications of the ACM},
  volume={55},
  number={10},
  pages={78--87},
  year={2012},
  publisher={ACM},
  doi={10.1145/2347736.2347755}
}

@inbook{DLBookRBM,
  chapter = {Deep generative models},
  pages = {651--716},
    title={Deep Learning},
    author={Ian Goodfellow and Yoshua Bengio and Aaron Courville},
    publisher={MIT Press},
    note={\url{http://www.deeplearningbook.org}},
    year={2016}
}

@techreport{Harmonium,
  title={Information processing in dynamical systems: Foundations of harmony theory},
  author={Smolensky, Paul},
  year={1986},
  institution={Colorado University at Boulder, Department of Computer Science}
}

@inproceedings{RBMHard,
  title={Restricted Boltzmann machines are hard to approximately evaluate or simulate},
  author={Long, Philip M and Servedio, Rocco},
  booktitle={Proceedings of the 27th International Conference on Machine Learning (ICML-10)},
  pages={703--710},
  year={2010}
}

@article{ContrastiveDivergence__,
  title={Training products of experts by minimizing contrastive divergence},
  author={Hinton, Geoffrey E},
  journal={Training},
  volume={14},
  number={8},
  year={2006},
  publisher={MIT Press},
  doi={10.1162/089976602760128018 }
}
@article{ContrastiveDivergence, title={Training Products of Experts by Minimizing Contrastive Divergence}, volume={14}, ISSN={1530-888X}, DOI={10.1162/089976602760128018}, number={8}, journal={Neural Computation}, publisher={MIT Press - Journals}, author={Hinton, Geoffrey E.}, year={2002}, month={Aug}, pages={1771--1800}}

@article{FisherLDA,
  author = {Fisher, Ronald A.},
  year = {1936},
  title = {THE USE OF MULTIPLE MEASUREMENTS IN TAXONOMIC PROBLEMS},
  journal = {Annals of Eugenics},
  publisher = {Wiley Online Library},
  issn = {2050-1439},
  doi = {10.1111/j.1469-1809.1936.tb02137.x},
  volume = {7},
  month = {9},
  pages = {179--188},
  number = {2},
}

@inproceedings{SESM,
  title={Sparse feature learning for deep belief networks},
  author={Boureau, Y-lan and Cun, Yann L and others},
  booktitle={Advances in neural information processing systems},
  pages={1185--1192},
  year={2008}
}
@inproceedings{SparsifyingLogistic,
  title={Efficient learning of sparse representations with an energy-based model},
  author={Poultney, Christopher and Chopra, Sumit and Cun, Yann L and others},
  booktitle={Advances in neural information processing systems},
  pages={1137--1144},
  year={2007}
}
@inproceedings{MemisevicRelational,
  title={Gradient-based learning of higher-order image features},
  author={Memisevic, Roland},
  booktitle={IEEE International Conference on Computer Vision (ICCV)},
  pages={1591--1598},
  year={2011},
  organization={IEEE},
  doi={10.1109/ICCV.2011.6126419}
}

@inproceedings{RecursiveAE,
  title={Semi-supervised recursive autoencoders for predicting sentiment distributions},
  author={Socher, Richard and Pennington, Jeffrey and Huang, Eric H and Ng, Andrew Y and Manning, Christopher D},
  booktitle={Proceedings of the conference on empirical methods in natural language processing},
  pages={151--161},
  year={2011},
  organization={Association for Computational Linguistics}
}

@inproceedings{UnfoldingRecAE,
  title={Dynamic pooling and unfolding recursive autoencoders for paraphrase detection},
  author={Socher, Richard and Huang, Eric H and Pennin, Jeffrey and Manning, Christopher D and Ng, Andrew Y},
  booktitle={Advances in Neural Information Processing Systems},
  pages={801--809},
  year={2011}
}

@article{MNIST,
  title={Gradient-based learning applied to document recognition},
  author={LeCun, Yann and Bottou, L{\'e}on and Bengio, Yoshua and Haffner, Patrick},
  journal={Proceedings of the IEEE},
  volume={86},
  number={11},
  pages={2278--2324},
  year={1998},
  publisher={IEEE},
  doi={10.1109/5.726791}
}

@article{PreprocTutorial,
  title={Tutorial on practical tips of the most influential data preprocessing algorithms in data mining},
  doi = {10.1016/j.knosys.2015.12.006},
  author={Garc{\'\i}a, Salvador and Luengo, Juli{\'a}n and Herrera, Francisco},
  journal={Knowledge-Based Systems},
  volume={98},
  pages={1--29},
  year={2016},
  publisher={Elsevier}
}
@book{DataPreprocessing,
  title={Data preprocessing in data mining},
  isbn={978-3-319-10247-4},
  doi = {10.1007/978-3-319-10247-4},
  author={Garc{\'\i}a, Salvador and Luengo, Juli{\'a}n and Herrera, Francisco},
  year={2015},
  publisher={Springer},
  pages={163--194},
  chapter={7},
}
@article{RNN,
  title={A learning algorithm for continually running fully recurrent neural networks},
  doi = {10.1162/neco.1989.1.2.270},
  author={Williams, Ronald J and Zipser, David},
  journal={Neural computation},
  volume={1},
  number={2},
  pages={270--280},
  year={1989},
  publisher={MIT Press}
}
@article{SurveyDLbigdata,
  title={A survey on deep learning for big data},
  doi = {10.1016/j.inffus.2017.10.006},
  author={Zhang, Qingchen and Yang, Laurence T and Chen, Zhikui and Li, Peng},
  journal={Information Fusion},
  volume={42},
  pages={146--157},
  year={2018},
  publisher={Elsevier}
}

@inproceedings{Tensorflow,
 author = {Abadi, Mart\'{\i}n and Barham, Paul and Chen, Jianmin and Chen, Zhifeng and Davis, Andy and others},
 title = {TensorFlow: A System for Large-scale Machine Learning},
 booktitle = {Proceedings of the 12th USENIX Conference on Operating Systems Design and Implementation},
 series = {OSDI'16},
 year = {2016},
 isbn = {978-1-931971-33-1},
 location = {Savannah, GA, USA},
 pages = {265--283},
 numpages = {19},
 acmid = {3026899},
 publisher = {USENIX Association},
 address = {Berkeley, CA, USA},
}
@article{Caffe,
  title={Caffe: Convolutional architecture for fast feature embedding},
  author={Jia, Yangqing and Shelhamer, Evan and Donahue, Jeff and Karayev, Sergey and Long, Jonathan and Girshick, Ross and Guadarrama, Sergio and Darrell, Trevor},
  booktitle={Proceedings of the 22nd ACM international conference on Multimedia},
  pages={675--678},
  year={2014},
  organization={ACM}
}
@article{MXNet,
  title={Mxnet: A flexible and efficient machine learning library for heterogeneous distributed systems},
  author={Chen, Tianqi and Li, Mu and Li, Yutian and Lin, Min and Wang, Naiyan and Wang, Minjie and Xiao, Tianjun and Xu, Bing and Zhang, Chiyuan and Zhang, Zheng},
  journal={arXiv preprint arXiv:1512.01274},
  year={2015}
}
@misc{Keras,
  title={Keras},
  author={Chollet, Fran\c{c}ois and others},
  year={2015},
  publisher={GitHub},
  howpublished={\url{https://github.com/fchollet/keras}},
}
@inproceedings{torch,
  title = {Torch7: A Matlab-like Environment for Machine Learning},
  author = {R. Collobert and K. Kavukcuoglu and C. Farabet},
  booktitle = {BigLearn, NIPS Workshop},
  year = {2011}
}

@book{InfoVis,
  title={Information visualization in data mining and knowledge discovery},
  author={Fayyad, Usama M and Wierse, Andreas and Grinstein, Georges G},
  year={2002},
  publisher={Morgan Kaufmann}
}

@article{WDBC,
  title={Breast cancer diagnosis and prognosis via linear programming},
  doi={10.1287/opre.43.4.570},
  author={Mangasarian, Olvi L and Street, W Nick and Wolberg, William H},
  journal={Operations Research},
  volume={43},
  number={4},
  pages={570--577},
  year={1995},
  publisher={INFORMS}
}
@book{NonlinearDimRec,
  title={Nonlinear dimensionality reduction},
  doi={10.1007/978-0-387-39351-3},
  author={Lee, John A and Verleysen, Michel},
  year={2007},
  publisher={Springer Science \& Business Media}
}
@article{DistanceMetric,
  title={Survey on distance metric learning and dimensionality reduction in data mining},
  author={Wang, Fei and Sun, Jimeng},
  doi = {10.1007/s10618-014-0356-z},
  journal={Data Mining and Knowledge Discovery},
  volume={29},
  number={2},
  pages={534--564},
  year={2015},
  publisher={Springer}
}
@techreport{DimRecComparative,
  title={Dimensionality reduction: a comparative review},
  author={Van Der Maaten, Laurens and Postma, Eric and Van den Herik, Jaap},
  publisher={Tilburg University},
  volume={2009-005},
  year={2009}
}
@article{MDS,
  title={Multidimensional scaling: I. Theory and method},
  author={Torgerson, Warren S},
  journal={Psychometrika},
  volume={17},
  number={4},
  pages={401--419},
  year={1952},
  publisher={Springer},
  doi={10.1007/BF02288916}
}

@Inbook{FeatureExtractionIntro,
	author="Guyon, Isabelle
	and Elisseeff, Andr{\'e}",
	editor="Guyon, Isabelle and Nikravesh, Masoud and Gunn, Steve and Zadeh, Lotfi A.",
	title="An Introduction to Feature Extraction",
	bookTitle="Feature Extraction: Foundations and Applications",
	year="2006",
	publisher="Springer Berlin Heidelberg",
	address="Berlin, Heidelberg",
	pages="1--25",
	doi="10.1007/978-3-540-35488-8\_1"
}

@article{LaplacianEigenmaps,
	title={Laplacian Eigenmaps for Dimensionality Reduction and Data Representation},
	author={Mikhail Belkin and Partha Niyogi},
	journal={Neural Computation},
	year={2003},
	volume={15},
	pages={1373-1396},
	doi={10.1162/089976603321780317}
}

@ARTICLE{Theano,
	author = {{Theano Development Team}},
	title = "{Theano: A {Python} framework for fast computation of mathematical expressions}",
	journal = {arXiv e-prints},
	volume = {abs/1605.02688},
	primaryClass = "cs.SC",
	year = 2016,
	month = may,
}
@inproceedings{EmbeddingAEReg,
  title={Embedding with autoencoder regularization},
  author={Yu, Wenchao and Zeng, Guangxiang and Luo, Ping and Zhuang, Fuzhen and He, Qing and Shi, Zhongzhi},
  booktitle={Joint European Conference on Machine Learning and Knowledge Discovery in Databases},
  pages={208--223},
  doi={10.1007/978-3-642-40994-3\_14},
  year={2013},
  organization={Springer}
}

@inproceedings{NonlinearEmbeddingNN,
  title={Learning a nonlinear embedding by preserving class neighbourhood structure},
  author={Salakhutdinov, Ruslan and Hinton, Geoffrey E},
  booktitle={International Conference on Artificial Intelligence and Statistics},
  pages={412--419},
  year={2007}
}
@article{Sammon,
  title={A nonlinear mapping for data structure analysis},
  doi={10.1109/T-C.1969.222678},
  author={Sammon, John W},
  journal={IEEE Transactions on computers},
  volume={100},
  number={5},
  pages={401--409},
  year={1969},
  publisher={Ieee}
}
@article{LaplacianAE,
  title={Laplacian Auto-Encoders: An explicit learning of nonlinear data manifold},
  author={Jia, Kui and Sun, Lin and Gao, Shenghua and Song, Zhan and Shi, Bertram E},
  journal={Neurocomputing},
  volume={160},
  pages={250--260},
  year={2015},
  doi = {10.1016/j.neucom.2015.02.023},
  publisher={Elsevier}
}
@inproceedings{MulticolumnDNN,
  title={Multi-column deep neural networks for image classification},
  author={Ciregan, Dan and Meier, Ueli and Schmidhuber, J{\"u}rgen},
  booktitle={IEEE Conference on Computer Vision and Pattern Recognition (CVPR)},
  pages={3642--3649},
  year={2012},
  organization={IEEE}
}
@article{Alvear_Sandoval_2018, title={On building ensembles of stacked denoising auto-encoding classifiers and their further improvement}, volume={39}, ISSN={1566-2535}, DOI={10.1016/j.inffus.2017.03.008}, journal={Information Fusion}, publisher={Elsevier BV}, author={Alvear-Sandoval, Ricardo F. and Figueiras-Vidal, Aníbal R.}, year={2018}, month={Jan}, pages={41–52}}

  @Manual{CRANautoencoder,
    title = {autoencoder: Sparse Autoencoder for Automatic Learning of Representative
Features from Unlabeled Data},
    author = {Eugene Dubossarsky and Yuriy Tyshetskiy},
    year = {2015},
    note = {R package version 1.1},
    url = {https://CRAN.R-project.org/package=autoencoder},
  }
  @Manual{SAENET,
    title = {SAENET: A Stacked Autoencoder Implementation with Interface to
'neuralnet'},
    author = {Stephen Hogg and Eugene Dubossarsky},
    year = {2015},
    note = {R package version 1.1},
    url = {https://CRAN.R-project.org/package=SAENET},
  }
